<record><leader>00000cas a22000007a 4500</leader><controlfield tag="001">15012050</controlfield><controlfield tag="008">861224d19051918inuwr ne      0    0eng d</controlfield><datafield ind1=" " ind2=" " tag="010"><subfield code="a">sn 86059200 </subfield></datafield><datafield ind1=" " ind2=" " tag="040"><subfield code="a">NPI</subfield><subfield code="b">eng</subfield><subfield code="c">NPI</subfield><subfield code="d">OCLCQ</subfield></datafield><datafield ind1=" " ind2=" " tag="042"><subfield code="a">msc</subfield></datafield><datafield ind1="0" ind2="4" tag="245"><subfield code="a">The Russellville searchlight.</subfield></datafield><datafield ind1=" " ind2=" " tag="260"><subfield code="a">Russellville, Ind. :</subfield><subfield code="b">D.E. Staggs</subfield></datafield><datafield ind1=" " ind2=" " tag="310"><subfield code="a">Weekly</subfield></datafield><datafield ind1="1" ind2=" " tag="362"><subfield code="a">Began with Jan. 7, 1905 issue; ceased in 1918.</subfield></datafield><datafield ind1=" " ind2=" " tag="588"><subfield code="a">Description based on: Vol. 1, no. 26 (July 7, 1905).</subfield></datafield><datafield ind1=" " ind2=" " tag="752"><subfield code="a">United States</subfield><subfield code="b">Indiana</subfield><subfield code="c">Putnam</subfield><subfield code="d">Russellville.</subfield></datafield><datafield ind1="0" ind2="0" tag="780"><subfield code="t">Russellville record</subfield><subfield code="w">(DLC)sn 86059201</subfield></datafield><datafield ind1="0" ind2="0" tag="785"><subfield code="t">Russellville news</subfield><subfield code="w">(DLC)sn 86059203</subfield></datafield></record>